% DCGAN paper
@misc{dcgan,
    title={Unsupervised Representation Learning with Deep Convolutional Generative Adversarial Networks},
    author={Alec Radford and et al.},
    year={2015},
    eprint={1511.06434},
    archivePrefix={arXiv},
    primaryClass={cs.LG}
}

itepaper.

\textbf{@misc{cgan,
    title={Conditional Generative Adversarial Nets},
    author={Mehdi Mirza and Simon Osindero},
    year={2014},
    eprint={1411.1784},
    archivePrefix={arXiv},
    primaryClass={cs.LG}
}}

@misc{tensorflow,
title={ {TensorFlow}: Large-Scale Machine Learning on Heterogeneous Systems},
url={https://www.tensorflow.org/},
note={Software available from tensorflow.org},
author={
    Mart\'{\i}n~Abadi and
    Ashish~Agarwal and
    Paul~Barham and
    Eugene~Brevdo and
    Zhifeng~Chen and
    Craig~Citro and
    Greg~S.~Corrado and
    Andy~Davis and
    Jeffrey~Dean and
    Matthieu~Devin and
    Sanjay~Ghemawat and
    Ian~Goodfellow and
    Andrew~Harp and
    Geoffrey~Irving and
    Michael~Isard and
    Yangqing Jia and
    Rafal~Jozefowicz and
    Lukasz~Kaiser and
    Manjunath~Kudlur and
    Josh~Levenberg and
    Dandelion~Man\'{e} and
    Rajat~Monga and
    Sherry~Moore and
    Derek~Murray and
    Chris~Olah and
    Mike~Schuster and
    Jonathon~Shlens and
    Benoit~Steiner and
    Ilya~Sutskever and
    Kunal~Talwar and
    Paul~Tucker and
    Vincent~Vanhoucke and
    Vijay~Vasudevan and
    Fernanda~Vi\'{e}gas and
    Oriol~Vinyals and
    Pete~Warden and
    Martin~Wattenberg and
    Martin~Wicke and
    Yuan~Yu and
    Xiaoqiang~Zheng},
  year={2015},
}

% model DCGAN borrowed from
@misc{pre_dcgan,
    title={Unsupervised and Semi-supervised Learning with Categorical Generative Adversarial Networks},
    author={Jost Tobias Springenberg},
    year={2015},
    eprint={1511.06390},
    archivePrefix={arXiv},
    primaryClass={stat.ML}
}

% nvidia gan
@misc{nvidia_gan,
    title={A Style-Based Generator Architecture for Generative Adversarial Networks},
    author={Tero Karras and et al.},
    year={2018},
    eprint={1812.04948},
    archivePrefix={arXiv},
    primaryClass={cs.NE}
}

% goodfellow GANS original paper (NOT conference version) 
@misc{gf_gan,
    title={Generative Adversarial Networks},
    author={Ian J. Goodfellow and et al.},
    year={2014},
    eprint={1406.2661},
    archivePrefix={arXiv},
    primaryClass={stat.ML}
}

% Millennium release paper (TAO reference - https://asvo.atlassian.net/wiki/spaces/TAOC/pages/393249/Millennium)
@article{millsim,
   title={Simulations of the formation, evolution and clustering of galaxies and quasars},
   volume={435},
   ISSN={1476-4687},
   url={http://dx.doi.org/10.1038/nature03597},
   DOI={10.1038/nature03597},
   number={7042},
   journal={Nature},
   publisher={Springer Science and Business Media LLC},
   author={Springel, Volker and et al.},
   year={2005},
   month={Jun},
   pages={629–636}
}

% millennium code GADGET 2 
@article{gadget2,
   title={The cosmological simulation code gadget-2},
   volume={364},
   ISSN={1365-2966},
   url={http://dx.doi.org/10.1111/j.1365-2966.2005.09655.x},
   DOI={10.1111/j.1365-2966.2005.09655.x},
   number={4},
   journal={Monthly Notices of the Royal Astronomical Society},
   publisher={Oxford University Press (OUP)},
   author={Springel, Volker},
   year={2005},
   month={Dec},
   pages={1105–1134}
}

@misc{LPICOLA,
    title={L-PICOLA: A parallel code for fast dark matter simulation},
    author={Cullan Howlett and et al.},
    year={2015},
    eprint={1506.03737},
    archivePrefix={arXiv},
    primaryClass={astro-ph.CO}
}


% WMAP-1 paper (parameters for mill sim) CMBR STUFF 
@article{wmap1,
   title={First Year
                    Wilkinson Microwave Anisotropy Probe Observations: Determination of Cosmological Parameters},
   volume={148},
   ISSN={1538-4365},
   url={http://dx.doi.org/10.1086/377226},
   DOI={10.1086/377226},
   number={1},
   journal={The Astrophysical Journal Supplement Series},
   publisher={IOP Publishing},
   author={Spergel, D. N. and et al.},
   year={2003},
   month={Sep},
   pages={175–194}
}

% 2df galaxy redshift survey for mill sim parameters
@article{2df,
   title={The 2dF Galaxy Redshift Survey: spectra and redshifts},
   volume={328},
   ISSN={1365-2966},
   url={http://dx.doi.org/10.1046/j.1365-8711.2001.04902.x},
   DOI={10.1046/j.1365-8711.2001.04902.x},
   number={4},
   journal={Monthly Notices of the Royal Astronomical Society},
   publisher={Oxford University Press (OUP)},
   author={Colless, Matthew and et al.},
   year={2001},
   month={Dec},
   pages={1039–1063}
}

% SAGE croton 2016 
@article{Croton2016,
   title={SEMI-ANALYTIC GALAXY EVOLUTION (SAGE): MODEL CALIBRATION AND BASIC RESULTS},
   volume={222},
   ISSN={1538-4365},
   url={http://dx.doi.org/10.3847/0067-0049/222/2/22},
   DOI={10.3847/0067-0049/222/2/22},
   number={2},
   journal={The Astrophysical Journal Supplement Series},
   publisher={American Astronomical Society},
   author={Croton, Darren J. and et al.},
   year={2016},
   month={Feb},
   pages={22}
}

%croton earlier sage 
@article{Croton2006,
   title={The many lives of active galactic nuclei: cooling flows, black holes and the luminosities and colours of galaxies},
   volume={365},
   ISSN={1365-2966},
   url={http://dx.doi.org/10.1111/j.1365-2966.2005.09675.x},
   DOI={10.1111/j.1365-2966.2005.09675.x},
   number={1},
   journal={Monthly Notices of the Royal Astronomical Society},
   publisher={Oxford University Press (OUP)},
   author={Croton, Darren J. and et al.},
   year={2006},
   month={Jan},
   pages={11–28}
}


% TAO 
@article{TAO,
   title={THE THEORETICAL ASTROPHYSICAL OBSERVATORY: CLOUD-BASED MOCK GALAXY CATALOGS},
   volume={223},
   ISSN={1538-4365},
   url={http://dx.doi.org/10.3847/0067-0049/223/1/9},
   DOI={10.3847/0067-0049/223/1/9},
   number={1},
   journal={The Astrophysical Journal Supplement Series},
   publisher={American Astronomical Society},
   author={Bernyk, Maksym and et al.},
   year={2016},
   month={Mar},
   pages={9}
}

% fast web gan
@article{web_gan,
   title={Fast cosmic web simulations with generative adversarial networks},
   volume={5},
   ISSN={2197-7909},
   url={http://dx.doi.org/10.1186/s40668-018-0026-4},
   DOI={10.1186/s40668-018-0026-4},
   number={1},
   journal={Computational Astrophysics and Cosmology},
   publisher={Springer Science and Business Media LLC},
   author={Rodríguez, Andres C. and et al.},
   year={2018},
   month={Nov}
}

% original backpropagation paper
@Article{backprop,
author={Rumelhart, David E.
and et al.},
title={Learning representations by back-propagating errors},
journal={Nature},
year={1986},
volume={323},
number={6088},
pages={533-536},
%abstract={We describe a new learning procedure, back-propagation, for networks of neurone-like units. The procedure repeatedly adjusts the weights of the connections in the network so as to minimize a measure of the difference between the actual output vector of the net and the desired output vector. As a result of the weight adjustments, internal 'hidden' units which are not part of the input or output come to represent important features of the task domain, and the regularities in the task are captured by the interactions of these units. The ability to create useful new features distinguishes back-propagation from earlier, simpler methods such as the perceptron-convergence procedure1.},
issn={1476-4687},
doi={10.1038/323533a0},
url={https://doi.org/10.1038/323533a0}
}

% deep learning book goodfellow 
@book{gf_book,
    title={Deep Learning},
    author={Ian Goodfellow and et al.},
    publisher={MIT Press},
    note={\url{http://www.deeplearningbook.org}},
    year={2016}
}

% LeCun convolutional networks 
@article{LeCun_cnns,
  title={Generalization and Network Design Strategies},
  author={LeCun, Y},
  year={1989},
  url={http://yann.lecun.com/exdb/publis/pdf/lecun-89.pdf}
}

% ADAM optimiser kingma and ba 2014
@misc{adam,
    title={Adam: A Method for Stochastic Optimization},
    author={Diederik P. Kingma and Jimmy Ba},
    year={2014},
    eprint={1412.6980},
    archivePrefix={arXiv},
    primaryClass={cs.LG}
}

% LSUN 
@misc{LSUN,
    title={LSUN: Construction of a Large-scale Image Dataset using Deep Learning with Humans in the Loop},
    author={Fisher Yu and et al.},
    year={2015},
    eprint={1506.03365},
    archivePrefix={arXiv},
    primaryClass={cs.CV}
}

% CelebA dataset
@misc{celebA,
    title={Deep Learning Face Attributes in the Wild},
    author={Ziwei Liu and et al.},
    year={2014},
    eprint={1411.7766},
    archivePrefix={arXiv},
    primaryClass={cs.CV}
}

% GAN tricks (label smoothing) This is NOT sousmith
@misc{gantricks_sali,
    title={Improved Techniques for Training GANs},
    author={Tim Salimans and et al.},
    year={2016},
    eprint={1606.03498},
    archivePrefix={arXiv},
    primaryClass={cs.LG}
}

% cosmic web [1]
@article{bond_cw1,
   title={How filaments of galaxies are woven into the cosmic web},
   volume={380},
   ISSN={1476-4687},
   url={http://dx.doi.org/10.1038/380603a0},
   DOI={10.1038/380603a0},
   number={6575},
   journal={Nature},
   publisher={Springer Science and Business Media LLC},
   author={Bond, J. Richard and et al.},
   year={1996},
   month={Apr},
   pages={603–606}
}

% cosmic web [2] 
@article{Coles_cw2,
   title={Characterizing the nonlinear growth of large-scale structure in the Universe},
   volume={406},
   ISSN={1476-4687},
   url={http://dx.doi.org/10.1038/35019009},
   DOI={10.1038/35019009},
   number={6794},
   journal={Nature},
   publisher={Springer Science and Business Media LLC},
   author={Coles, Peter and Chiang, Lung-Yih},
   year={2000},
   month={Jul},
   pages={376–378}
}

% cosmic web [3] 
@article{Forero_cw3,
   title={A dynamical classification of the cosmic web},
   volume={396},
   ISSN={1365-2966},
   url={http://dx.doi.org/10.1111/j.1365-2966.2009.14885.x},
   DOI={10.1111/j.1365-2966.2009.14885.x},
   number={3},
   journal={Monthly Notices of the Royal Astronomical Society},
   publisher={Oxford University Press (OUP)},
   author={Forero-Romero, J. E. and et al.},
   year={2009},
   month={Jul},
   pages={1815–1824}
}

% cosmic web [4]
@article{Dietrich_cw4,
   title={A filament of dark matter between two clusters of galaxies},
   volume={487},
   ISSN={1476-4687},
   url={http://dx.doi.org/10.1038/nature11224},
   DOI={10.1038/nature11224},
   number={7406},
   journal={Nature},
   publisher={Springer Science and Business Media LLC},
   author={Dietrich, Jörg P. and et al.},
   year={2012},
   month={Jul},
   pages={202–204}
}

% cosmic web multiscale phenomenology 
@article{cw_phenomenon,
   title={Multiscale phenomenology of the cosmic web},
   volume={408},
   ISSN={0035-8711},
   url={http://dx.doi.org/10.1111/j.1365-2966.2010.17263.x},
   DOI={10.1111/j.1365-2966.2010.17263.x},
   number={4},
   journal={Monthly Notices of the Royal Astronomical Society},
   publisher={Oxford University Press (OUP)},
   author={Aragón-Calvo, Miguel A. and et al.},
   year={2010},
   month={Aug},
   pages={2163–2187}
}

% weak gravitational lensing book 
@article{glens_book,
   title={Weak Gravitational Lensing},
   ISBN={9783540303107},
   ISSN={1861-7980},
   url={http://dx.doi.org/10.1007/978-3-540-30310-7_3},
   DOI={10.1007/978-3-540-30310-7_3},
   journal={Gravitational Lensing: Strong, Weak and Micro},
   publisher={Springer Berlin Heidelberg},
   author={Schneider, P.},
   year={2006},
   pages={269–451}
}

% cosmic shear review
@article{shear_review,
   title={Cosmology with cosmic shear observations: a review},
   volume={78},
   ISSN={1361-6633},
   url={http://dx.doi.org/10.1088/0034-4885/78/8/086901},
   DOI={10.1088/0034-4885/78/8/086901},
   number={8},
   journal={Reports on Progress in Physics},
   publisher={IOP Publishing},
   author={Kilbinger, Martin},
   year={2015},
   month={Jul},
   pages={086901}
}

% keras 
@misc{keras,
  title={Keras},
  author={Chollet, Fran\c{c}ois and others},
  year={2015},
  howpublished={\url{https://keras.io}},
}

% iflationary cosmology (mexico paper)
@article{inflation_cosmo1,
   title={Inflationary cosmology: from theory to observations},
   volume={17},
   ISSN={1870-3542},
   url={http://dx.doi.org/10.31349/RevMexFisE.17.73},
   DOI={10.31349/revmexfise.17.73},
   number={1 Jan-Jun},
   journal={Revista Mexicana de Física E},
   publisher={Sociedad Mexicana de Fisica A C},
   author={Vazquez Gonzalez and et al.},
   year={2020},
   month={Jan},
   pages={73}
}

% inflationary cosmology original work
@article{inflation_cosmo2,
      author         = "Guth, Alan H.",
      title          = "{The Inflationary Universe: A Possible Solution to the
                        Horizon and Flatness Problems}",
      journal        = "Phys. Rev.",
      volume         = "D23",
      year           = "1981",
      pages          = "347-356",
      doi            = "10.1103/PhysRevD.23.347",
      note           = "[Adv. Ser. Astrophys. Cosmol.3,139(1987)]",
      reportNumber   = "SLAC-PUB-2576",
      SLACcitation   = "%%CITATION = PHRVA,D23,347;%%"
}

% inflationary cosmology original work 2 
@article{inflation_cosmo3,
      author         = "Starobinsky, Alexei A.",
      title          = "{A New Type of Isotropic Cosmological Models Without
                        Singularity}",
      journal        = "Phys. Lett.",
      volume         = "91B",
      year           = "1980",
      pages          = "99-102",
      doi            = "10.1016/0370-2693(80)90670-X",
      note           = "[Adv. Ser. Astrophys. Cosmol.3,130(1987); ,771(1980)]",
      SLACcitation   = "%%CITATION = PHLTA,91B,99;%%"
}

% quantum fluctuations in new universe 
@article{inflation_cosmology,
  title = {Fluctuations in the New Inflationary Universe},
  author = {Guth, Alan H. and Pi, So-Young},
  journal = {Phys. Rev. Lett.},
  volume = {49},
  issue = {15},
  pages = {1110--1113},
  numpages = {0},
  year = {1982},
  month = {Oct},
  publisher = {American Physical Society},
  doi = {10.1103/PhysRevLett.49.1110},
  url = {https://link.aps.org/doi/10.1103/PhysRevLett.49.1110}
}

% Dark energy survey on clustering and lensing
@article{DarkEnergySurvey,
   title={Dark Energy Survey year 1 results: Cosmological constraints from galaxy clustering and weak lensing},
   volume={98},
   ISSN={2470-0029},
   url={http://dx.doi.org/10.1103/PhysRevD.98.043526},
   DOI={10.1103/physrevd.98.043526},
   number={4},
   journal={Physical Review D},
   publisher={American Physical Society (APS)},
   author={Abbott, T. M. C. and et al.},
   year={2018},
   month={Aug}
}

% this paper and one above are important for deriving conclusions on cosmology from the large scale matter distribution. 
@article{kids_lensing,
   title={KiDS-450: cosmological parameter constraints from tomographic weak gravitational lensing},
   volume={465},
   ISSN={1365-2966},
   url={http://dx.doi.org/10.1093/mnras/stw2805},
   DOI={10.1093/mnras/stw2805},
   number={2},
   journal={Monthly Notices of the Royal Astronomical Society},
   publisher={Oxford University Press (OUP)},
   author={Hildebrandt, H. and et al.},
   year={2016},
   month={Nov},
   pages={1454–1498}
}

% testing extensions to standard cosmological mdoel from lensing on cosmological structure
@article{kids_cosmo,
   title={KiDS-450: testing extensions to the standard cosmological model},
   volume={471},
   ISSN={1365-2966},
   url={http://dx.doi.org/10.1093/mnras/stx998},
   DOI={10.1093/mnras/stx998},
   number={2},
   journal={Monthly Notices of the Royal Astronomical Society},
   publisher={Oxford University Press (OUP)},
   author={Joudaki, Shahab and et al.},
   year={2017},
   month={Apr},
   pages={1259–1279}
}

% galaxy formation from large scale structure study
@article{gal_formation,
   title={DARK MATTER HALOS IN THE STANDARD COSMOLOGICAL MODEL: RESULTS FROM THE BOLSHOI SIMULATION},
   volume={740},
   ISSN={1538-4357},
   url={http://dx.doi.org/10.1088/0004-637X/740/2/102},
   DOI={10.1088/0004-637x/740/2/102},
   number={2},
   journal={The Astrophysical Journal},
   publisher={IOP Publishing},
   author={Klypin, Anatoly A. and et al.},
   year={2011},
   month={Oct},
   pages={102}
}

% gal formation on cosmological structure
@article{gal_formation2,
title = "Galaxy formation theory",
journal = "Physics Reports",
volume = "495",
number = "2",
pages = "33 - 86",
year = "2010",
issn = "0370-1573",
doi = "https://doi.org/10.1016/j.physrep.2010.06.001",
url = "http://www.sciencedirect.com/science/article/pii/S037015731000150X",
author = "Andrew J. Benson",
keywords = "Galaxies, Cosmology, Galactic structure, Galaxy evolution, Galaxy formation",
abstract = "We review the current theory of how galaxies form within the cosmological framework provided by the cold dark matter paradigm for structure formation. Beginning with the pre-galactic evolution of baryonic material we describe the analytical and numerical understanding of how baryons condense into galaxies, what determines the structure of those galaxies and how internal and external processes (including star formation, merging, active galactic nuclei, etc.) determine their gross properties and evolution. Throughout, we highlight successes and failures of current galaxy formation theory. We include a review of computational implementations of galaxy formation theory and assess their ability to provide reliable modeling of this complex phenomenon. We finish with a discussion of several “hot topics” in contemporary galaxy formation theory and assess future directions for this field."
}

% Planck mission 2018 (CMBR)
@misc{planck,
    title={Planck 2018 results. VI. Cosmological parameters},
    author={Planck Collaboration: N. Aghanim and et al.},
    year={2018},
    eprint={1807.06209},
    archivePrefix={arXiv},
    primaryClass={astro-ph.CO}
}


%SDSS BAO
@article{bao,
   title={The clustering of galaxies in the completed SDSS-III Baryon Oscillation Spectroscopic Survey: cosmological analysis of the DR12 galaxy sample},
   volume={470},
   ISSN={1365-2966},
   url={http://dx.doi.org/10.1093/mnras/stx721},
   DOI={10.1093/mnras/stx721},
   number={3},
   journal={Monthly Notices of the Royal Astronomical Society},
   publisher={Oxford University Press (OUP)},
   author={Alam, Shadab and et al.},
   year={2017},
   month={Mar},
   pages={2617–2652}
}

% BAO2
@article{bao2,
   title={The SDSS-IV Extended Baryon Oscillation Spectroscopic Survey: Baryon Acoustic Oscillations at Redshift of 0.72 with the DR14 Luminous Red Galaxy Sample},
   volume={863},
   ISSN={1538-4357},
   url={http://dx.doi.org/10.3847/1538-4357/aacea5},
   DOI={10.3847/1538-4357/aacea5},
   number={1},
   journal={The Astrophysical Journal},
   publisher={American Astronomical Society},
   author={Bautista, Julian E. and et al.},
   year={2018},
   month={Aug},
   pages={110}
}

% bao3 
@article{bao3,
   title={Baryon acoustic oscillations from the complete SDSS-III Lyα-quasar cross-correlation function at z = 2.4},
   volume={608},
   ISSN={1432-0746},
   url={http://dx.doi.org/10.1051/0004-6361/201731731},
   DOI={10.1051/0004-6361/201731731},
   journal={Astronomy & Astrophysics},
   publisher={EDP Sciences},
   author={du Mas des Bourboux, Hélion and et al.},
   year={2017},
   month={Dec},
   pages={A130}
}

% Gray Cosmological inference using grav wave sirens
@misc{gray,
    title={Cosmological Inference using Gravitational Wave Standard Sirens: A Mock Data Challenge},
    author={Rachel Gray and et al.},
    year={2019},
    eprint={1908.06050},
    archivePrefix={arXiv},
    primaryClass={gr-qc}
}

% wide field observation photometric mission NEXT GEN
@misc{wfirst_afta,
    title={Wide-Field InfrarRed Survey Telescope-Astrophysics Focused Telescope Assets WFIRST-AFTA 2015 Report},
    author={D. Spergel and et al.},
    year={2015},
    eprint={1503.03757},
    archivePrefix={arXiv},
    primaryClass={astro-ph.IM}
}

% EUCLID  NEXT GEN
@misc{euclid,
    title={Euclid Definition Study Report},
    author={R. Laureijs and et al.},
    year={2011},
    eprint={1110.3193},
    archivePrefix={arXiv},
    primaryClass={astro-ph.CO}
}

% LSST NEXT GEN
@misc{LSST,
    title={Large Synoptic Survey Telescope: Dark Energy Science Collaboration},
    author={LSST Dark Energy Science Collaboration},
    year={2012},
    eprint={1211.0310},
    archivePrefix={arXiv},
    primaryClass={astro-ph.CO}
}

% High resolution GAN
@misc{hiresgan,
    title={Photo-Realistic Single Image Super-Resolution Using a Generative Adversarial Network},
    author={Christian Ledig and et al.},
    year={2016},
    eprint={1609.04802},
    archivePrefix={arXiv},
    primaryClass={cs.CV}
}

% image to image translation 
@article{pix2pix,
  title={Image-to-Image Translation with Conditional Adversarial Networks},
  author={Isola, Phillip and et al.},
  journal={arxiv},
  year={2016}
}


% LAPGAN
@misc{lapgan,
    title={Deep Generative Image Models using a Laplacian Pyramid of Adversarial Networks},
    author={Emily Denton and et al.},
    year={2015},
    eprint={1506.05751},
    archivePrefix={arXiv},
    primaryClass={cs.CV}
}

% SDSS I
@article{sdss1,
   title={The Sloan Digital Sky Survey: Technical Summary},
   volume={120},
   ISSN={0004-6256},
   url={http://dx.doi.org/10.1086/301513},
   DOI={10.1086/301513},
   number={3},
   journal={The Astronomical Journal},
   publisher={IOP Publishing},
   author={York, Donald G. and et al.},
   year={2000},
   month={Sep},
   pages={1579–1587}
}

% critical look at perturbation theory
@article{perturbation_theory,
   title={Critical look at cosmological perturbation theory techniques},
   volume={80},
   ISSN={1550-2368},
   url={http://dx.doi.org/10.1103/PhysRevD.80.043531},
   DOI={10.1103/physrevd.80.043531},
   number={4},
   journal={Physical Review D},
   publisher={American Physical Society (APS)},
   author={Carlson, Jordan and et al.},
   year={2009},
   month={Aug}
}

% cosmogan
@article{cosmogan,
   title={CosmoGAN: creating high-fidelity weak lensing convergence maps using Generative Adversarial Networks},
   volume={6},
   ISSN={2197-7909},
   url={http://dx.doi.org/10.1186/s40668-019-0029-9},
   DOI={10.1186/s40668-019-0029-9},
   number={1},
   journal={Computational Astrophysics and Cosmology},
   publisher={Springer Science and Business Media LLC},
   author={Mustafa, Mustafa and et al.},

   year={2019},
   month={May}
}

%%%% COSMOGAN WEAK LENSING MAPS CREATING PAPERS 
%
@article{mink_funcs,
   title={Probing cosmology with weak lensing Minkowski functionals},
   volume={85},
   ISSN={1550-2368},
   url={http://dx.doi.org/10.1103/PhysRevD.85.103513},
   DOI={10.1103/physrevd.85.103513},
   number={10},
   journal={Physical Review D},
   publisher={American Physical Society (APS)},
   author={Kratochvil, Jan M. and et al.},
   year={2012},
   month={May}
}

@article{lens_peaks,
   title={Cosmological information in weak lensing peaks},
   volume={84},
   ISSN={1550-2368},
   url={http://dx.doi.org/10.1103/PhysRevD.84.043529},
   DOI={10.1103/physrevd.84.043529},
   number={4},
   journal={Physical Review D},
   publisher={American Physical Society (APS)},
   author={Yang, Xiuyuan and et al.},
   year={2011},
   month={Aug}
}

@article{lens_peak_counts,
   title={Probing cosmology with weak lensing peak counts},
   volume={81},
   ISSN={1550-2368},
   url={http://dx.doi.org/10.1103/PhysRevD.81.043519},
   DOI={10.1103/physrevd.81.043519},
   number={4},
   journal={Physical Review D},
   publisher={American Physical Society (APS)},
   author={Kratochvil, Jan M. and et al.},
   year={2010},
   month={Feb}
}

%%%%

% % Millennium II simulation 
% @article{millennium2,
%   title={Resolving cosmic structure formation with the Millennium-II Simulation},
%   volume={398},
%   ISSN={1365-2966},
%   url={http://dx.doi.org/10.1111/j.1365-2966.2009.15191.x},
%   DOI={10.1111/j.1365-2966.2009.15191.x},
%   number={3},
%   journal={Monthly Notices of the Royal Astronomical Society},
%   publisher={Oxford University Press (OUP)},
%   author={Boylan-Kolchin, Michael and et al.},
%   year={2009},
%   month={Sep},
%   pages={1150–1164}
% }

% deep learning with python book 
@book{keras_book,
	author = {Francois Chollet},
	title = {Deep learning with Python},
	publisher = {Manning Publications Co.},
	year = {2018}
}

% VAEs 
@misc{vaes,
    title={Auto-Encoding Variational Bayes},
    author={Diederik P Kingma and Max Welling},
    year={2013},
    eprint={1312.6114},
    archivePrefix={arXiv},
    primaryClass={stat.ML}
}
% VAEs 2 (simultaneous discovery)
@misc{vaes2,
    title={Stochastic Backpropagation and Approximate Inference in Deep Generative Models},
    author={Danilo Jimenez Rezende and et al.},
    year={2014},
    eprint={1401.4082},
    archivePrefix={arXiv},
    primaryClass={stat.ML}
}

% Millennium 2 simulation
@article{mill2sim,
   title={Resolving cosmic structure formation with the Millennium-II Simulation},
   volume={398},
   ISSN={1365-2966},
   url={http://dx.doi.org/10.1111/j.1365-2966.2009.15191.x},
   DOI={10.1111/j.1365-2966.2009.15191.x},
   number={3},
   journal={Monthly Notices of the Royal Astronomical Society},
   publisher={Oxford University Press (OUP)},
   author={Boylan-Kolchin, Michael and et al.},
   year={2009},
   month={Sep},
   pages={1150–1164}
}

% Millennium XXL simulation 
@article{millxxlsim,
   title={Scaling relations for galaxy clusters in the Millennium-XXL simulation},
   volume={426},
   ISSN={0035-8711},
   url={http://dx.doi.org/10.1111/j.1365-2966.2012.21830.x},
   DOI={10.1111/j.1365-2966.2012.21830.x},
   number={3},
   journal={Monthly Notices of the Royal Astronomical Society},
   publisher={Oxford University Press (OUP)},
   author={Angulo, R. E. and et al.},
   year={2012},
   month={Oct},
   pages={2046–2062}
}

% deep gen model for gen galaxy images
% @article{gal_im_gen,
% author = "Regier, Jeffrey and Miller, Andrew C. and Schlegel, David and Adams, Ryan P. and McAuliffe, Jon D. and Prabhat",
% doi = "10.1214/19-AOAS1258",
% fjournal = "The Annals of Applied Statistics",
% journal = "Ann. Appl. Stat.",
% month = "09",
% number = "3",
% pages = "1884--1926",
% publisher = "The Institute of Mathematical Statistics",
% title = "Approximate inference for constructing astronomical catalogs from images",
% url = "https://doi.org/10.1214/19-AOAS1258",
% volume = "13",
% year = "2019"
% }

% gan generates galaxy images
@misc{gal_im_gen2,
    title={Enabling Dark Energy Science with Deep Generative Models of Galaxy Images},
    author={Siamak Ravanbakhsh and et al.},
    year={2016},
    eprint={1609.05796},
    archivePrefix={arXiv},
    primaryClass={astro-ph.IM}
}

% galaxy gan 3
@article{gal_im_gen3,
   title={Generative Adversarial Networks recover features in astrophysical images of galaxies beyond the deconvolution limit},
   ISSN={1745-3933},
   url={http://dx.doi.org/10.1093/mnrasl/slx008},
   DOI={10.1093/mnrasl/slx008},
   journal={Monthly Notices of the Royal Astronomical Society: Letters},
   publisher={Oxford University Press (OUP)},
   author={Schawinski, Kevin and et al.},
   year={2017},
   month={Jan},
   pages={slx008}
}

% why do perturbations look classical to us ?
@misc{class_perturbs,
    title={Why do cosmological perturbations look classical to us?},
    author={Claus Kiefer and David Polarski},
    year={2008},
    eprint={0810.0087},
    archivePrefix={arXiv},
    primaryClass={astro-ph}
}

@misc{batchnorm,
    title={Batch Normalization: Accelerating Deep Network Training by Reducing Internal Covariate Shift},
    author={Sergey Ioffe and Christian Szegedy},
    year={2015},
    eprint={1502.03167},
    archivePrefix={arXiv},
    primaryClass={cs.LG}
}

% deep blue book 
@book{deepblue,
	address = {Princeton, N.J},
	title = {Behind deep blue: building the computer that defeated the world chess champion},
	isbn = {9780691118185},
	shorttitle = {Behind deep blue},
	language = {English},
	publisher = {Princeton University Press},
	author = {Hsu, Feng-Hsiung},
	year = {2004},
	note = {OCLC: 727982790}
}

% 
@article{GW170817,
  title = {GW170817: Observation of Gravitational Waves from a Binary Neutron Star Inspiral},
  author = {Abbott, B. P. and et al.},
  collaboration = {LIGO Scientific Collaboration and Virgo Collaboration},
  journal = {Phys. Rev. Lett.},
  volume = {119},
  issue = {16},
  pages = {161101},
  numpages = {18},
  year = {2017},
  month = {Oct},
  publisher = {American Physical Society},
  doi = {10.1103/PhysRevLett.119.161101},
  url = {https://link.aps.org/doi/10.1103/PhysRevLett.119.161101}
}

@article{em_counterpart1,
	doi = {10.3847/2041-8213/aa91c9},
	url = {https://doi.org/10.3847%2F2041-8213%2Faa91c9},
	year = 2017,
	month = {oct},
	publisher = {American Astronomical Society},
	volume = {848},
	number = {2},
	pages = {L12},
	author = {B. P. Abbott and et al.},
	title = {Multi-messenger Observations of a Binary Neutron Star Merger},
	journal = {The Astrophysical Journal},
	abstract = {On 2017 August 17 a binary neutron star coalescence candidate (later designated GW170817) with merger time 12:41:04 UTC was observed through gravitational waves by the Advanced LIGO and Advanced Virgo detectors. The Fermi Gamma-ray Burst Monitor independently detected a gamma-ray burst (GRB 170817A) with a time delay of  with respect to the merger time. From the gravitational-wave signal, the source was initially localized to a sky region of 31 deg2 at a luminosity distance of  Mpc and with component masses consistent with neutron stars. The component masses were later measured to be in the range 0.86 to 2.26 . An extensive observing campaign was launched across the electromagnetic spectrum leading to the discovery of a bright optical transient (SSS17a, now with the IAU identification of AT 2017gfo) in NGC 4993 (at ) less than 11 hours after the merger by the One-Meter, Two Hemisphere (1M2H) team using the 1 m Swope Telescope. The optical transient was independently detected by multiple teams within an hour. Subsequent observations targeted the object and its environment. Early ultraviolet observations revealed a blue transient that faded within 48 hours. Optical and infrared observations showed a redward evolution over ∼10 days. Following early non-detections, X-ray and radio emission were discovered at the transient’s position  and  days, respectively, after the merger. Both the X-ray and radio emission likely arise from a physical process that is distinct from the one that generates the UV/optical/near-infrared emission. No ultra-high-energy gamma-rays and no neutrino candidates consistent with the source were found in follow-up searches. These observations support the hypothesis that GW170817 was produced by the merger of two neutron stars in NGC 4993 followed by a short gamma-ray burst (GRB 170817A) and a kilonova/macronova powered by the radioactive decay of r-process nuclei synthesized in the ejecta.}
}

@article{em_counterpart2,
	doi = {10.3847/2041-8213/aa9059},
	url = {https://doi.org/10.3847%2F2041-8213%2Faa9059},
	year = 2017,
	month = {oct},
	publisher = {American Astronomical Society},
	volume = {848},
	number = {2},
	pages = {L16},
	author = {M. Soares-Santos and et al.},
	title = {The Electromagnetic Counterpart of the Binary Neutron Star Merger {LIGO}/Virgo {GW}170817. I. Discovery of the Optical Counterpart Using the Dark Energy Camera},
	journal = {The Astrophysical Journal},
	abstract = {We present the Dark Energy Camera (DECam) discovery of the optical counterpart of the first binary neutron star merger detected through gravitational-wave emission, GW170817. Our observations commenced 10.5 hr post-merger, as soon as the localization region became accessible from Chile. We imaged 70 deg2 in the i and z bands, covering 93\% of the initial integrated localization probability, to a depth necessary to identify likely optical counterparts (e.g., a kilonova). At 11.4 hr post-merger we detected a bright optical transient located  from the nucleus of NGC 4993 at redshift z = 0.0098, consistent (for  km s−1 Mpc−1) with the distance of 40 ± 8  Mpc reported by the LIGO Scientific Collaboration and the Virgo Collaboration (LVC). At detection the transient had magnitudes of  and , and thus an absolute magnitude of , in the luminosity range expected for a kilonova. We identified 1500 potential transient candidates. Applying simple selection criteria aimed at rejecting background events such as supernovae, we find the transient associated with NGC 4993 as the only remaining plausible counterpart, and reject chance coincidence at the 99.5\% confidence level. We therefore conclude that the optical counterpart we have identified near NGC 4993 is associated with GW170817. This discovery ushers in the era of multi-messenger astronomy with gravitational waves and demonstrates the power of DECam to identify the optical counterparts of gravitational-wave sources.}
}

@misc{lisa,
    title={Laser Interferometer Space Antenna},
    author={Pau Amaro-Seoane and et al.},
    year={2017},
    eprint={1702.00786},
    archivePrefix={arXiv},
    primaryClass={astro-ph.IM}
}

@article{relic_gws,
   title={Relic gravitational waves from quintessential inflation},
   volume={96},
   ISSN={2470-0029},
   url={http://dx.doi.org/10.1103/PhysRevD.96.063515},
   DOI={10.1103/physrevd.96.063515},
   number={6},
   journal={Physical Review D},
   publisher={American Physical Society (APS)},
   author={Ahmad, Safia and Myrzakulov, R. and Sami, M.},
   year={2017},
   month={Sep}
}

% relic gws , gw insight on DE etc
@misc{gw_cosmology,
    title={Gravitational wave cosmology and astrophysics with large spectroscopic galaxy surveys},
    author={Antonella Palmese and et al.},
    year={2019},
    eprint={1903.04730},
    archivePrefix={arXiv},
    primaryClass={astro-ph.CO}
}

% imporovement on abott et al H_0 
@article{GW170817_m2,
   title={Improved Constraints on
                    H
                    0
                    from a Combined Analysis of Gravitational-wave and Electromagnetic Emission from GW170817},
   volume={851},
   ISSN={2041-8213},
   url={http://dx.doi.org/10.3847/2041-8213/aaa009},
   DOI={10.3847/2041-8213/aaa009},
   number={2},
   journal={The Astrophysical Journal},
   publisher={American Astronomical Society},
   author={Guidorzi, C. and et al.},
   year={2017},
   month={Dec},
   pages={L36}
}

% GLADE: galaxy catalogue for Gray et al. MDCs ref
@article{GLADE,
   title={GLADE: A galaxy catalogue for multimessenger searches in the advanced gravitational-wave detector era},
   volume={479},
   ISSN={1365-2966},
   url={http://dx.doi.org/10.1093/mnras/sty1703},
   DOI={10.1093/mnras/sty1703},
   number={2},
   journal={Monthly Notices of the Royal Astronomical Society},
   publisher={Oxford University Press (OUP)},
   author={Dálya, G and et al.},
   year={2018},
   month={Jun},
   pages={2374–2381}
}

% ACGANs 
@misc{acgan,
    title={Conditional Image Synthesis With Auxiliary Classifier GANs},
    author={Augustus Odena and et al.},
    year={2016},
    eprint={1610.09585},
    archivePrefix={arXiv},
    primaryClass={stat.ML}
}

@article{MRObs,
   title={The Millennium Run Observatory: first light},
   volume={428},
   ISSN={0035-8711},
   url={http://dx.doi.org/10.1093/mnras/sts076},
   DOI={10.1093/mnras/sts076},
   number={1},
   journal={Monthly Notices of the Royal Astronomical Society},
   publisher={Oxford University Press (OUP)},
   author={Overzier, R. and et al.},
   year={2012},
   month={Oct},
   pages={778–803}
}

@misc{largegan,
    title={Large Scale GAN Training for High Fidelity Natural Image Synthesis},
    author={Andrew Brock and Jeff Donahue and Karen Simonyan},
    year={2018},
    eprint={1809.11096},
    archivePrefix={arXiv},
    primaryClass={cs.LG}
}

@misc{wgan,
    title={Wasserstein GAN},
    author={Martin Arjovsky and et al.},
    year={2017},
    eprint={1701.07875},
    archivePrefix={arXiv},
    primaryClass={stat.ML}
}

@misc{karrasgan,
    title={Progressive Growing of GANs for Improved Quality, Stability, and Variation},
    author={Tero Karras and et al.},
    year={2017},
    eprint={1710.10196},
    archivePrefix={arXiv},
    primaryClass={cs.NE}
}

@misc{NIPS16,
    title={NIPS 2016 Tutorial: Generative Adversarial Networks},
    author={Ian Goodfellow},
    year={2016},
    eprint={1701.00160},
    archivePrefix={arXiv},
    primaryClass={cs.LG}
}

@article{muon_beams_gan,
   title={Fast simulation of muons produced at the SHiP experiment using Generative Adversarial Networks},
   volume={14},
   ISSN={1748-0221},
   url={http://dx.doi.org/10.1088/1748-0221/14/11/P11028},
   DOI={10.1088/1748-0221/14/11/p11028},
   number={11},
   journal={Journal of Instrumentation},
   publisher={IOP Publishing},
   author={Ahdida, C. and et al.},
   year={2019},
   month={Nov},
   pages={P11028–P11028}
}

@techreport{particle_showers_gan,
      title         = "{Deep generative models for fast shower simulation in
                       ATLAS}",
      institution   = "CERN",
      collaboration = "ATLAS Collaboration",
      address       = "Geneva",
      number        = "ATL-SOFT-PUB-2018-001",
      month         = "Jul",
      year          = "2018",
      reportNumber  = "ATL-SOFT-PUB-2018-001",
      url           = "http://cds.cern.ch/record/2630433",
}

@article{particle_jets_gan,
   title={Learning Particle Physics by Example: Location-Aware Generative Adversarial Networks for Physics Synthesis},
   volume={1},
   ISSN={2510-2044},
   url={http://dx.doi.org/10.1007/s41781-017-0004-6},
   DOI={10.1007/s41781-017-0004-6},
   number={1},
   journal={Computing and Software for Big Science},
   publisher={Springer Science and Business Media LLC},
   author={de Oliveira, Luke and Paganini, Michela and Nachman, Benjamin},
   year={2017},
   month={Sep}
}

% DCNN ALEXNET 
@inproceedings{dcnn,
  title={Imagenet classification with deep convolutional neural networks},
  author={Krizhevsky and et al.},
  booktitle={Advances in neural information processing systems},
  pages={1097--1105},
  year={2012}
}

% first GW detection 
@article{gw_detection,
   title={Observation of Gravitational Waves from a Binary Black Hole Merger},
   volume={116},
   ISSN={1079-7114},
   url={http://dx.doi.org/10.1103/PhysRevLett.116.061102},
   DOI={10.1103/physrevlett.116.061102},
   number={6},
   journal={Physical Review Letters},
   publisher={American Physical Society (APS)},
   author={Abbott, B. P. and et al.},
   year={2016},
   month={Feb}
}

@misc{GW170817_jet_H0,
    title={A Hubble constant measurement from superluminal motion of the jet in GW170817},
    author={Kenta Hotokezaka and et al.},
    year={2018},
    eprint={1806.10596},
    archivePrefix={arXiv},
    primaryClass={astro-ph.CO}
}

@article{GW170817_source_radio,
   title={Superluminal motion of a relativistic jet in the neutron-star merger GW170817},
   volume={561},
   ISSN={1476-4687},
   url={http://dx.doi.org/10.1038/s41586-018-0486-3},
   DOI={10.1038/s41586-018-0486-3},
   number={7723},
   journal={Nature},
   publisher={Springer Science and Business Media LLC},
   author={Mooley, K. P. and et al.},
   year={2018},
   month={Sep},
   pages={355–359}
}

%H_0 from red giant branch
@article{H0_redgiant,
   title={The Carnegie-Chicago Hubble Program. VIII. An Independent Determination of the Hubble Constant Based on the Tip of the Red Giant Branch},
   volume={882},
   ISSN={1538-4357},
   url={http://dx.doi.org/10.3847/1538-4357/ab2f73},
   DOI={10.3847/1538-4357/ab2f73},
   number={1},
   journal={The Astrophysical Journal},
   publisher={American Astronomical Society},
   author={Freedman, Wendy L. and et al.},
   year={2019},
   month={Aug},
   pages={34}
}

@article{GW_BNS_BBH_catalog,
   title={GWTC-1: A Gravitational-Wave Transient Catalog of Compact Binary Mergers Observed by LIGO and Virgo during the First and Second Observing Runs},
   volume={9},
   ISSN={2160-3308},
   url={http://dx.doi.org/10.1103/PhysRevX.9.031040},
   DOI={10.1103/physrevx.9.031040},
   number={3},
   journal={Physical Review X},
   publisher={American Physical Society (APS)},
   author={Abbott, B. P. and et al.},
   year={2019},
   month={Sep}
}

@ARTICLE{scipy,
       author = {{Virtanen}, Pauli and et al.},
        title = "{SciPy 1.0: Fundamental Algorithms for Scientific
                  Computing in Python}",
      journal = {Nature Methods},
      year = "2020",
      volume={17},
      pages={261--272},
      adsurl = {https://rdcu.be/b08Wh},
      doi = {https://doi.org/10.1038/s41592-019-0686-2},
}

@book{mackay_book,
author = {MacKay, David J. C.},
title = {Information Theory, Inference & Learning Algorithms},
year = {2002},
isbn = {0521642981},
publisher = {Cambridge University Press},
address = {USA}
}

@article{mill_diffs,
   title={Groups in the Millennium Simulation and in SDSS DR7},
   volume={436},
   ISSN={1365-2966},
   url={http://dx.doi.org/10.1093/mnras/stt1571},
   DOI={10.1093/mnras/stt1571},
   number={1},
   journal={Monthly Notices of the Royal Astronomical Society},
   publisher={Oxford University Press (OUP)},
   author={Nurmi, P. and et al.},
   year={2013},
   month={Sep},
   pages={380–394}
}

@article{einstein_telescope,
  title={Science case for the Einstein telescope},
  author={Maggiore, Michele and et al.},
  journal={Journal of Cosmology and Astroparticle Physics},
  volume={2020},
  number={03},
  pages={050},
  year={2020},
  publisher={IOP Publishing}
}

@misc{cosmic_explorer,
    title={Cosmic Explorer: The U.S. Contribution to Gravitational-Wave Astronomy beyond LIGO},
    author={David Reitze and et al.},
    year={2019},
    eprint={1907.04833},
    archivePrefix={arXiv},
    primaryClass={astro-ph.IM}
}

@misc{future_ligo,
    title={Prospects for Observing and Localizing Gravitational-Wave Transients with Advanced LIGO, Advanced Virgo and KAGRA},
    author={The LIGO Scientific Collaboration and the Virgo Collaboration and the KAGRA Collaboration and et al.},
    year={2013},
    eprint={1304.0670},
    archivePrefix={arXiv},
    primaryClass={gr-qc}
}

@article{gw_distance_scale,
  title = {Measuring a Cosmological Distance-Redshift Relationship Using Only Gravitational Wave Observations of Binary Neutron Star Coalescences},
  author = {Messenger, C. and Read, J.},
  journal = {Phys. Rev. Lett.},
  volume = {108},
  issue = {9},
  pages = {091101},
  numpages = {5},
  year = {2012},
  month = {Feb},
  publisher = {American Physical Society},
  doi = {10.1103/PhysRevLett.108.091101},
  url = {https://link.aps.org/doi/10.1103/PhysRevLett.108.091101}
}

@misc{gan_noise_decay,
    title={Towards Principled Methods for Training Generative Adversarial Networks},
    author={Martin Arjovsky and Léon Bottou},
    year={2017},
    eprint={1701.04862},
    archivePrefix={arXiv},
    primaryClass={stat.ML}
}

@book{ml_alpaydin,
author = {Alpaydin, Ethem},
title = {Introduction to Machine Learning},
year = {2010},
isbn = {026201243X},
publisher = {The MIT Press},
edition = {2nd}
}

@article{speech_recognition,
  title={Modular construction of time-delay neural networks for speech recognition},
  author={Waibel, Alex},
  journal={Neural computation},
  volume={1},
  number={1},
  pages={39--46},
  year={1989},
  publisher={MIT Press}
}

@article{backgammon,
author = {Tesauro, Gerald},
title = {Temporal Difference Learning and TD-Gammon},
year = {1995},
issue_date = {March 1995},
publisher = {Association for Computing Machinery},
address = {New York, NY, USA},
volume = {38},
number = {3},
issn = {0001-0782},
url = {https://doi.org/10.1145/203330.203343},
doi = {10.1145/203330.203343},
journal = {Commun. ACM},
month = mar,
pages = {58–68},
numpages = {11}
}

@book{mitchell_ml,
author = {Mitchell, Thomas M.},
title = {Machine Learning},
year = {1997},
isbn = {0070428077},
publisher = {McGraw-Hill, Inc.},
address = {USA},
edition = {1}
}

@book{sup_unsup_learning,
author = {Russell, Stuart and Norvig, Peter},
title = {Artificial Intelligence: A Modern Approach},
year = {2009},
isbn = {0136042597},
publisher = {Prentice Hall Press},
address = {USA},
edition = {3rd}
}

@book{astro_ml,
  title={Statistics, Data Mining, and Machine Learning in Astronomy},
  author={Ivezi{\'c}, {\v{Z}}. and et al.},
  isbn={9781400848911},
  series={Princeton Series in Modern Observational Astronomy},
  url={https://books.google.co.uk/books?id=2fM8AQAAQBAJ},
  year={2014},
  publisher={Princeton University Press}
}

@article{mill_gal_clustering,
    author = {Wang, Lan and et al.},
    title = "{Modelling galaxy clustering in a high-resolution simulation of structure formation}",
    journal = {Monthly Notices of the Royal Astronomical Society},
    volume = {371},
    number = {2},
    pages = {537-547},
    year = {2006},
    month = {08},
    abstract = "{We use the Millennium Simulation, a 10 billion particle simulation of the growth of cosmic structure, to construct a new model of galaxy clustering. We adopt a methodology that falls midway between the traditional semi-analytic approach and the halo occupation distribution (HOD) approach. In our model, we adopt the positions and velocities of the galaxies that are predicted by following the orbits and merging histories of the substructures in the simulation. Rather than using star formation and feedback ‘recipes’ to specify the physical properties of the galaxies, we adopt parametrized functions to relate these properties to the quantity Minfall, defined as the mass of the halo at the epoch when the galaxy was last the central dominant object in its own halo. We test whether these parametrized relations allow us to recover the basic statistical properties of galaxies in the semi-analytic catalogues, including the luminosity function, the stellar mass function and the shape and amplitude of the two-point correlation function evaluated in different stellar mass and luminosity ranges. We then use our model to interpret recent measurements of these quantities from Sloan Digital Sky Survey (SDSS) data. We derive relations between the luminosities and the stellar masses of galaxies in the local Universe and their host halo masses. Our results are in excellent agreement with recent determinations of these relations by Mandelbaum et al. using galaxy–galaxy weak lensing measurements from the SDSS.}",
    issn = {0035-8711},
    doi = {10.1111/j.1365-2966.2006.10669.x},
    url = {https://doi.org/10.1111/j.1365-2966.2006.10669.x},
    eprint = {https://academic.oup.com/mnras/article-pdf/371/2/537/3430925/mnras0371-0537.pdf},
}

@article{mill_quiescent,
  title={Massive quiescent galaxies at z> 3 in the Millennium simulation populated by a semi-analytic galaxy formation model},
  author={Rong, Yu and et al.},
  journal={Monthly Notices of the Royal Astronomical Society: Letters},
  volume={471},
  number={1},
  pages={L36--L40},
  year={2017},
  publisher={Oxford University Press}
}


@article{mill_dm_haloes,
  title={The spin and shape of dark matter haloes in the Millennium simulation of a $\Lambda$ cold dark matter universe},
  author={Bett, Philip and et al.},
  journal={Monthly Notices of the Royal Astronomical Society},
  volume={376},
  number={1},
  pages={215--232},
  year={2007},
  publisher={Blackwell Publishing Ltd Oxford, UK}
}

@article{mill_weak_lensing,
	author = {{Hilbert, S.} and et al.},
	title = {Ray-tracing through the Millennium Simulation},
	DOI= "10.1051/0004-6361/200811054",
	url= "https://doi.org/10.1051/0004-6361/200811054",
	journal = {A\&A},
	year = 2009,
	volume = 499,
	number = 1,
	pages = "31-43",
}

@article{mill_sdss,
   title={Groups in the Millennium Simulation and in SDSS DR7},
   volume={436},
   ISSN={1365-2966},
   url={http://dx.doi.org/10.1093/mnras/stt1571},
   DOI={10.1093/mnras/stt1571},
   number={1},
   journal={Monthly Notices of the Royal Astronomical Society},
   publisher={Oxford University Press (OUP)},
   author={Nurmi, P. and et al.},
   year={2013},
   month={Sep},
   pages={380–394}
}

@article{chris_planck_gw,
  title = {Cosmological inference using only gravitational wave observations of binary neutron stars},
  author = {Del Pozzo, Walter and Li, Tjonnie G. F. and Messenger, Chris},
  journal = {Phys. Rev. D},
  volume = {95},
  issue = {4},
  pages = {043502},
  numpages = {14},
  year = {2017},
  month = {Feb},
  publisher = {American Physical Society},
  doi = {10.1103/PhysRevD.95.043502},
  url = {https://link.aps.org/doi/10.1103/PhysRevD.95.043502}
}

@misc{parallel_gan1,
    title={Generative Adversarial Parallelization},
    author={Daniel Jiwoong Im and et al.},
    year={2016},
    eprint={1612.04021},
    archivePrefix={arXiv},
    primaryClass={cs.LG}
}

@misc{parallel_gan2,
    title={Parallelizing Training of Deep Generative Models on Massive Scientific Datasets},
    author={Sam Ade Jacobs and et al.},
    year={2019},
    eprint={1910.02270},
    archivePrefix={arXiv},
    primaryClass={cs.DC}
}

@article{lagrangian_approx,
   title={Lagrangian theory of gravitational instability - a generic third-order model for non-linear clustering},
   volume={267},
   ISSN={1365-2966},
   url={http://dx.doi.org/10.1093/mnras/267.4.811},
   DOI={10.1093/mnras/267.4.811},
   number={4},
   journal={Monthly Notices of the Royal Astronomical Society},
   publisher={Oxford University Press (OUP)},
   author={Buchert, T.},
   year={1994},
   month={Apr},
   pages={811–820}
}

@article{FPM,
   title={FastPM: a new scheme for fast simulations of dark matter and haloes},
   volume={463},
   ISSN={1365-2966},
   url={http://dx.doi.org/10.1093/mnras/stw2123},
   DOI={10.1093/mnras/stw2123},
   number={3},
   journal={Monthly Notices of the Royal Astronomical Society},
   publisher={Oxford University Press (OUP)},
   author={Feng, Yu and et al.},
   year={2016},
   month={Aug},
   pages={2273–2286}
}
@ARTICLE{zeld_approx,
       author = {{Zel'Dovich}, Y.~B.},
        title = "{Gravitational instability: an approximate theory for large density perturbations.}",
      journal = {\aap},
         year = 1970,
        month = mar,
       volume = {500},
        pages = {13-18},
       adsurl = {https://ui.adsabs.harvard.edu/abs/1970A&A.....5...84Z},
      adsnote = {Provided by the SAO/NASA Astrophysics Data System}
}

@article{nbodykit,
   title={nbodykit: An Open-source, Massively Parallel Toolkit for Large-scale Structure},
   volume={156},
   ISSN={1538-3881},
   url={http://dx.doi.org/10.3847/1538-3881/aadae0},
   DOI={10.3847/1538-3881/aadae0},
   number={4},
   journal={The Astronomical Journal},
   publisher={American Astronomical Society},
   author={Hand, Nick and Feng, Yu and Beutler, Florian and Li, Yin and Modi, Chirag and Seljak, Uroš and Slepian, Zachary},
   year={2018},
   month={Sep},
   pages={160}
}

@inproceedings{10.1145/325334.325242,
author = {Shoemake, Ken},
title = {Animating Rotation with Quaternion Curves},
year = {1985},
isbn = {0897911660},
publisher = {Association for Computing Machinery},
address = {New York, NY, USA},
url = {https://doi.org/10.1145/325334.325242},
doi = {10.1145/325334.325242},
abstract = {Solid bodies roll and tumble through space. In computer animation, so do cameras. The rotations of these objects are best described using a four coordinate system, quaternions, as is shown in this paper. Of all quaternions, those on the unit sphere are most suitable for animation, but the question of how to construct curves on spheres has not been much explored. This paper gives one answer by presenting a new kind of spline curve, created on a sphere, suitable for smoothly in-betweening (i.e. interpolating) sequences of arbitrary rotations. Both theory and experiment show that the motion generated is smooth and natural, without quirks found in earlier methods.},
booktitle = {Proceedings of the 12th Annual Conference on Computer Graphics and Interactive Techniques},
pages = {245–254},
numpages = {10},
keywords = {B\'{e}zier curve, quaternion, rotation, animation, interpolation, spline, B-spline, in-betweening, spherical geometry, approximation},
series = {SIGGRAPH '85}
}


@article{spherical_interp,
author = {Shoemake, Ken},
title = {Animating Rotation with Quaternion Curves},
year = {1985},
issue_date = {Jul. 1985},
publisher = {Association for Computing Machinery},
address = {New York, NY, USA},
volume = {19},
number = {3},
issn = {0097-8930},
url = {https://doi.org/10.1145/325165.325242},
doi = {10.1145/325165.325242},
abstract = {},
journal = {SIGGRAPH Comput. Graph.},
month = jul,
pages = {245–254},
numpages = {10},
keywords = {in-betweening, approximation, spline, quaternion, interpolation, spherical geometry, B-spline, animation, rotation, B\'{e}zier curve}
}

@misc{infogan,
    title={InfoGAN: Interpretable Representation Learning by Information Maximizing Generative Adversarial Nets},
    author={Xi Chen and Yan Duan and Rein Houthooft and John Schulman and Ilya Sutskever and Pieter Abbeel},
    year={2016},
    eprint={1606.03657},
    archivePrefix={arXiv},
    primaryClass={cs.LG}
}

@misc{spectral_norm,
    title={Spectral Normalization for Generative Adversarial Networks},
    author={Takeru Miyato and Toshiki Kataoka and Masanori Koyama and Yuichi Yoshida},
    year={2018},
    eprint={1802.05957},
    archivePrefix={arXiv},
    primaryClass={cs.LG}
}

@misc{GAN_CGD1,
      title={Competitive Gradient Descent}, 
      author={Florian Schäfer and Anima Anandkumar},
      year={2020},
      eprint={1905.12103},
      archivePrefix={arXiv},
      primaryClass={math.OC}
}

@misc{GAN_CGD2,
      title={Implicit competitive regularization in GANs}, 
      author={Florian Schäfer and Hongkai Zheng and Anima Anandkumar},
      year={2020},
      eprint={1910.05852},
      archivePrefix={arXiv},
      primaryClass={cs.LG}
}

@misc{latent_disentanglement,
      title={Semi-Supervised StyleGAN for Disentanglement Learning}, 
      author={Weili Nie and Tero Karras and Animesh Garg and Shoubhik Debnath and Anjul Patney and Ankit B. Patel and Anima Anandkumar},
      year={2020},
      eprint={2003.03461},
      archivePrefix={arXiv},
      primaryClass={cs.CV}
}

@misc{GAN_SBN,
      title={On Self Modulation for Generative Adversarial Networks}, 
      author={Ting Chen and Mario Lucic and Neil Houlsby and Sylvain Gelly},
      year={2019},
      eprint={1810.01365},
      archivePrefix={arXiv},
      primaryClass={cs.LG}
}

@misc{GAN_CBN,
      title={Modulating early visual processing by language}, 
      author={Harm de Vries and Florian Strub and Jérémie Mary and Hugo Larochelle and Olivier Pietquin and Aaron Courville},
      year={2017},
      eprint={1707.00683},
      archivePrefix={arXiv},
      primaryClass={cs.CV}
}

@misc{discriminator_z_sampling,
      title={Your GAN is Secretly an Energy-based Model and You Should use Discriminator Driven Latent Sampling}, 
      author={Tong Che and Ruixiang Zhang and Jascha Sohl-Dickstein and Hugo Larochelle and Liam Paull and Yuan Cao and Yoshua Bengio},
      year={2020},
      eprint={2003.06060},
      archivePrefix={arXiv},
      primaryClass={cs.LG}
}

@misc{cvae,
      title={Conditional Variational Autoencoder for Neural Machine Translation}, 
      author={Artidoro Pagnoni and Kevin Liu and Shangyan Li},
      year={2018},
      eprint={1812.04405},
      archivePrefix={arXiv},
      primaryClass={cs.CL}
}